<?xml version='1.0' encoding='UTF-8'?>
<record xmlns="http://www.loc.gov/MARC21/slim">
  <leader>01919cam a2200361 a 4500</leader>
  <controlfield tag="001">786491</controlfield>
  <controlfield tag="003">NjP</controlfield>
  <controlfield tag="005">20171024102135.0</controlfield>
  <controlfield tag="008">840110m19809999ir a          000 0 ara d</controlfield>
  <datafield tag="024" ind1="7" ind2=" ">
    <subfield code="a">princeton_aco002978</subfield>
    <subfield code="2">local</subfield>
  </datafield>
  <datafield ind1=" " ind2=" " tag="035">
    <subfield code="a">(OCoLC)ocn176731334</subfield>
  </datafield>
  <datafield ind1=" " ind2=" " tag="035">
    <subfield code="a">(OCoLC)176001748</subfield>
  </datafield>
  <datafield ind1=" " ind2=" " tag="035">
    <subfield code="a">786491</subfield>
  </datafield>
  <datafield ind1=" " ind2=" " tag="040">
    <subfield code="a">NjP</subfield>
    <subfield code="c">PUL</subfield>
    <subfield code="d">PUL</subfield>
  </datafield>
  <datafield ind1=" " ind2=" " tag="035">
    <subfield code="a">(OCoLC)176731334</subfield>
  </datafield>
  <datafield ind1=" " ind2=" " tag="035">
    <subfield code="a">(CStRLIN)NJPG84-B1456</subfield>
  </datafield>
  <datafield ind1=" " ind2=" " tag="035">
    <subfield code="9">ADT1113TS</subfield>
  </datafield>
  <datafield ind1=" " ind2=" " tag="035">
    <subfield code="z">786491</subfield>
  </datafield>
  <datafield ind1=" " ind2=" " tag="035">
    <subfield code="a">(NjP)786491</subfield>
  </datafield>
  <datafield ind1=" " ind2=" " tag="079">
    <subfield code="a">ocn176001748</subfield>
  </datafield>
  <datafield ind1=" " ind2=" " tag="049">
    <subfield code="a">PULL</subfield>
  </datafield>
  <datafield ind1="0" ind2="0" tag="245">
    <subfield code="6">880-01</subfield>
    <subfield code="a">Mawsuʻat al-Imām al-Mahdī :</subfield>
    <subfield code="b">taḥtawī ʻalā rasāʼil mufaradah wa-fuṣūl wa-abḥāth, iqtaṭafnāhā min muʼallifāt aʼimmat al-ḥadīth wa-aʻlām al-tārīkh wa-rijālāt al-ʻilm min ahl al-sunnah khilāl ithnā ashar qarnan /</subfield>
    <subfield code="c">rattabahā wa-qaddama la-hā Mahdī al-Faqīh Īmānī.</subfield>
  </datafield>
  <datafield ind1=" " ind2=" " tag="260">
    <subfield code="6">880-02</subfield>
    <subfield code="a">Isbahān :</subfield>
    <subfield code="b">Maktabat al-Imām Amīr al-Muʼminīn ʻAlī,</subfield>
    <subfield code="c">1401- [1980- ]</subfield>
  </datafield>
  <datafield ind1=" " ind2=" " tag="300">
    <subfield code="a">v. :</subfield>
    <subfield code="b">ill. ;</subfield>
    <subfield code="c">25 cm.</subfield>
  </datafield>
  <datafield ind1="1" ind2="0" tag="600">
    <subfield code="6">880-03</subfield>
    <subfield code="a">Mahdī, Muḥammad ibn al-Ḥasan,</subfield>
    <subfield code="d">b. 869.</subfield>
    <subfield code="0">http://id.loc.gov/authorities/names/n84077035</subfield>
  </datafield>
  <datafield ind1="1" ind2=" " tag="700">
    <subfield code="6">880-04</subfield>
    <subfield code="a">Īmānī, Mahdī al-Faqīh.</subfield>
  </datafield>
  <datafield ind1="0" ind2="0" tag="880">
    <subfield code="6">245-01/r</subfield>
    <subfield code="a">موسعة الامام المهدي :</subfield>
    <subfield code="b">تحتوي علا رسائل مفردة وفصول وابحاث، اقتطفناها من مؤلفات أمة الحديث واعلام التاريخ ورجالات العلم من اهل السنة خلال اثنا اشر قرنن /</subfield>
    <subfield code="c">رتبها وقدم لها مهدي الفقيه ايماني.</subfield>
  </datafield>
  <datafield ind1=" " ind2=" " tag="880">
    <subfield code="6">260-02/r</subfield>
    <subfield code="a">اسبهان :</subfield>
    <subfield code="b">مكتبة الامام امير المؤمنين علي،</subfield>
    <subfield code="c">1401- [1980- ]</subfield>
  </datafield>
  <datafield ind1="1" ind2="0" tag="880">
    <subfield code="6">600-03/r</subfield>
    <subfield code="a">مهدي، محمد بن الحسن،</subfield>
    <subfield code="d">ب. 869.</subfield>
  </datafield>
  <datafield ind1="1" ind2=" " tag="880">
    <subfield code="6">700-04/r</subfield>
    <subfield code="a">ايماني، مهدي الفقيه.</subfield>
  </datafield>
  <datafield ind1=" " ind2=" " tag="911">
    <subfield code="a">19930311</subfield>
  </datafield>
  <datafield ind1=" " ind2=" " tag="912">
    <subfield code="a">19950630033028.0</subfield>
  </datafield>
  <datafield ind1=" " ind2=" " tag="998">
    <subfield code="a">02/10/93</subfield>
    <subfield code="s">9118</subfield>
    <subfield code="n">NjP</subfield>
    <subfield code="w">NJPG84B1456</subfield>
    <subfield code="d">01/10/84</subfield>
    <subfield code="c">JAB</subfield>
    <subfield code="b">JAB</subfield>
    <subfield code="i">930210</subfield>
    <subfield code="l">NJPG</subfield>
  </datafield>
  <datafield ind1=" " ind2=" " tag="994">
    <subfield code="a">C0</subfield>
    <subfield code="b">PUL</subfield>
  </datafield>
  <datafield ind1=" " ind2=" " tag="999">
    <subfield code="a">786491</subfield>
  </datafield>
  <datafield ind1="0" ind2="1" tag="852">
    <subfield code="0">889087</subfield>
    <subfield code="b">rcppa</subfield>
    <subfield code="t">1</subfield>
    <subfield code="h">BP193.22</subfield>
    <subfield code="i">.M387 1980z</subfield>
    <subfield code="x">tr fr arab</subfield>
  </datafield>
  <datafield ind1=" " ind2="0" tag="866">
    <subfield code="0">889087</subfield>
    <subfield code="8">0</subfield>
    <subfield code="a">al-mujallad 1</subfield>
  </datafield>
  <datafield ind1=" " ind2=" " tag="959">
    <subfield code="a">2000-06-13 00:00:00 -0500</subfield>
  </datafield>
</record>
